@Book{xie2015,
  title = {Dynamic Documents with {R} and knitr},
  author = {Yihui Xie},
  publisher = {Chapman and Hall/CRC},
  address = {Boca Raton, Florida},
  year = {2015},
  edition = {2nd},
  note = {ISBN 978-1498716963},
  url = {http://yihui.name/knitr/},
}

@article{macarthur1961,
	title = {On Bird Species Diversity},
	author = {MacArthur, Robert H. and MacArthur, John W.},
	year = {1961},
	date = {1961},
	journal = {Ecology},
	pages = {594--598},
	volume = {42},
	number = {3},
	doi = {10.2307/1932254},
	url = {http://www.jstor.org/stable/1932254},
	note = {Publisher: Ecological Society of America}
}

@article{lertzman1996,
	title = {Canopy Gaps and the Landscape Mosaic in a Coastal Temperate Rain Forest},
	author = {Lertzman, Kenneth P. and Sutherland, Glenn D. and Inselberg, Alex and Saunders, Sari C.},
	year = {1996},
	date = {1996},
	journal = {Ecology},
	pages = {1254--1270},
	volume = {77},
	number = {4},
	doi = {10.2307/2265594},
	url = {http://onlinelibrary.wiley.com/doi/abs/10.2307/2265594},
	note = {{\_}eprint: https://esajournals.onlinelibrary.wiley.com/doi/pdf/10.2307/2265594},
	langid = {en}
}

@article{frazer1999,
	title = {Gap light analyzer (GLA), version 2.0 Imaging software to xtract canopy structure and gap light transmission indices from true-colour fisheye photographs},
	author = {FRAZER, GW},
	year = {1999},
	date = {1999},
	journal = {Users manual and program documentation},
	url = {https://ci.nii.ac.jp/naid/10011246415/},
	note = {Publisher: Simon Fraser University}
}

@article{ascunce2011,
	title = {Global invasion history of the fire ant Solenopsis invicta},
	author = {Ascunce, Marina S. and Yang, Chin-Cheng and Oakey, Jane and Calcaterra, Luis and Wu, Wen-Jer and Shih, Cheng-Jen and Goudet, {Jérôme} and Ross, Kenneth G. and Shoemaker, DeWayne},
	year = {2011},
	month = {02},
	date = {2011-02-25},
	journal = {Science (New York, N.Y.)},
	pages = {1066--1068},
	volume = {331},
	number = {6020},
	doi = {10.1126/science.1198734},
	note = {PMID: 21350177},
	langid = {eng}
}

@article{porter1995,
	title = {Solenopsis (Hymenoptera: Formicidae) Fire Ant Reactions to Attacks of Pseudacteon Flies (Diptera: Phoridae) in Southeastern Brazil},
	author = {Porter, Sanford D. and Meer, Robert K. Vander and Pesquero, Marcos A. and Campiolo, Sofia and Fowler, Harold G.},
	year = {1995},
	month = {07},
	date = {1995-07-01},
	journal = {Annals of the Entomological Society of America},
	pages = {570--575},
	volume = {88},
	number = {4},
	doi = {10.1093/aesa/88.4.570},
	url = {https://doi.org/10.1093/aesa/88.4.570}
}

@article{feener1981,
	title = {Competition Between Ant Species: Outcome Controlled by Parasitic Flies},
	author = {Feener, Donald H},
	year = {1981},
	month = {11},
	date = {1981-11-13},
	journal = {Science},
	pages = {815--817},
	volume = {214},
	number = {4522},
	url = {http://www.science.org/doi/abs/10.1126/science.214.4522.815},
	langid = {en}
}

@article{orr1997,
	title = {Foraging ecology and patterns of diversification in dipteran parasitoids of fire ants in south Brazil},
	author = {Orr, Matthew and Seike, Sergio and Gilbert, Lawrence},
	year = {1997},
	date = {1997},
	journal = {Ecological Entomology},
	pages = {305--314},
	volume = {22},
	number = {3},
	doi = {10.1046/j.1365-2311.1997.00072.x},
	url = {http://onlinelibrary.wiley.com/doi/abs/10.1046/j.1365-2311.1997.00072.x},
	note = {{\_}eprint: https://onlinelibrary.wiley.com/doi/pdf/10.1046/j.1365-2311.1997.00072.x},
	langid = {en}
}

@article{porter1995a,
	title = {Solenopsis (Hymenoptera: Formicidae) Fire Ant Reactions to Attacks of Pseudacteon Flies (Diptera: Phoridae) in Southeastern Brazil},
	author = {Porter, Sanford D. and Meer, Robert K. Vander and Pesquero, Marcos A. and Campiolo, Sofia and Fowler, Harold G.},
	year = {1995},
	month = {07},
	date = {1995-07-01},
	journal = {Annals of the Entomological Society of America},
	pages = {570--575},
	volume = {88},
	number = {4},
	doi = {10.1093/aesa/88.4.570},
	url = {https://doi.org/10.1093/aesa/88.4.570}
}

@phdthesis{feener,
	title = {Structure and organization of a litter foraging ant community: Roles of interference competition and parasitism},
	author = {Feener, Donald H}
}

@article{porter1988,
	title = {Invasion of Red Imported Fire Ants (Hymenoptera: Formicidae): Microgeography of Competitive Replacement},
	author = {Porter, Sanford D. and Van Eimeren, Bill and Gilbert, Lawrence E.},
	year = {1988},
	month = {11},
	date = {1988-11-01},
	journal = {Annals of the Entomological Society of America},
	pages = {913--918},
	volume = {81},
	number = {6},
	doi = {10.1093/aesa/81.6.913},
	url = {https://doi.org/10.1093/aesa/81.6.913}
}

@article{porter1990,
	title = {Invasion of Polygyne Fire Ants Decimates Native Ants and Disrupts Arthropod Community},
	author = {Porter, Sanford D. and Savignano, Dolores A.},
	year = {1990},
	date = {1990},
	journal = {Ecology},
	pages = {2095--2106},
	volume = {71},
	number = {6},
	doi = {10.2307/1938623},
	url = {http://onlinelibrary.wiley.com/doi/abs/10.2307/1938623},
	note = {{\_}eprint: https://esajournals.onlinelibrary.wiley.com/doi/pdf/10.2307/1938623},
	langid = {en}
}

@article{hook1990,
	title = {Destruction of harvester ant colonies by invading fire ants in south-central Texas (Hymenoptera: Formicidae)},
	author = {Hook, A. W. and Porter, S. D.},
	year = {1990},
	month = {12},
	date = {1990-12-01},
	journal = {Southwestern naturalist.},
	pages = {477--478},
	volume = {35},
	number = {4},
	doi = {10.2307/3672056},
	url = {http://doi.org/10.2307/3672056},
	langid = {eng}
}

@phdthesis{cheshire,
	title = {Population ecology of a litter ant community},
	author = {Cheshire, D R}
}

@article{morrison2002,
	title = {Long-Term Impacts of an Arthropod-Community Invasion by the Imported Fire Ant, Solenopsis Invicta},
	author = {Morrison, Lloyd W.},
	year = {2002},
	date = {2002},
	journal = {Ecology},
	pages = {2337--2345},
	volume = {83},
	number = {8},
	doi = {10.1890/0012-9658(2002)083[2337:LTIOAA]2.0.CO;2},
	url = {http://onlinelibrary.wiley.com/doi/abs/10.1890/0012-9658%282002%29083%5B2337%3ALTIOAA%5D2.0.CO%3B2},
	note = {{\_}eprint: https://esajournals.onlinelibrary.wiley.com/doi/pdf/10.1890/0012-9658%282002%29083%5B2337%3ALTIOAA%5D2.0.CO%3B2},
	langid = {en}
}

@article{plowes2007,
	title = {The urban fire ant paradox: native fire ants persist in an urban refuge while invasive fire ants dominate natural habitats},
	author = {Plowes, Robert M. and Dunn, John G. and Gilbert, Lawrence E.},
	year = {2007},
	month = {10},
	date = {2007-10-01},
	journal = {Biological Invasions},
	pages = {825--836},
	volume = {9},
	number = {7},
	doi = {10.1007/s10530-006-9084-7},
	url = {https://doi.org/10.1007/s10530-006-9084-7},
	langid = {en}
}
